@book{King_VibrationsWaves,
  author={King, George C.},
  title={Vibrations and Waves},
  series={The Manchester Physics Series},
  year={2009},
  month={7},
  edition={1},
  pages={XIV, 228},
  publisher={ John Wiley \& Sons Ltd},
  ISBN={978-0-470-01189-8},
  url={https://www.wiley.com/en-us/Vibrations+and+Waves-p-9780470011898},
}
