@book{Axler_LADR_3rd,
  title={Linear Algebra Done Right},
  series={Undergraduate Texts in Mathematics},
  author={Axler, Sheldon Jay},
  year={2015},
  edition={3},
  pages={XVII, 340},
  publisher={Springer International Publishing},
  url={http://www.linear.axler.net},
}

@book{Axler_LADR_4th,
  title={Linear Algebra Done Right},
  series={Undergraduate Texts in Mathematics},
  author={Axler, Sheldon Jay},
  year={2023},
  edition={4},
  pages={XVII, 390},
  publisher={Springer Nature Switzerland AG},
  url={http://www.linear.axler.net, https://doi.org/10.1007/978-3-031-41026-0},
}

@article{Cantor_1895,
    author = {Cantor, Georg Ferdinand Ludwig Philipp},
    title = {{Beiträge zur Begrün\-dung der transfiniten Mengenlehre}},
    publisher = {B. G. Teubner Verlag},
    journal = {Mathematische Annalen},
    volume = {46},
    number = {4},
    pages = {481--512},
    year = {1895},
    month = {11},
    address = {Leipzig},
    note = "\url{http://link.springer.com/article/10.1007/BF02124929};
            \url{http://gdz.sub.uni-goettingen.de/dms/load/toc/?PID=PPN235181684_0046};
            \url{http://gdz.sub.uni-goettingen.de/dms/load/img/?PID=GDZPPN00225557X};
            \url{http://gdz.sub.uni-goettingen.de/download/PPN235181684_0046/PPN235181684_0046___LOG_0044.pdf}",
    quality = {5},
}

@book{Cantor_1915,
    title={Contributions to the Founding of the Theory of Transfinite Numbers},
    author={Cantor, Georg Ferdinand Ludwig Philipp},
    year={1915},
    pages={211},
    publisher={Dover Publications},
    address={New York},
    url={https://archive.org/details/contributionstof00cant/page/n7/mode/2up},
}

@book{Suppes_1972,
    title={Axiomatic Set Theory},
    author={Patrick Suppes},
    year={1972},
    pages={XII,267},
    publisher={Dover Publications},
}

@book{Suppes_1957,
    title={Introduction to Logic},
    author={Patrick Suppes},
    year={1957},
    pages={XVIII,312},
    publisher={van Nostrand Reinhold Company},
}